@book{ pearsonIntroOpt,
       author = {Pedrotti, Frank L. and Pedrotti, Leno M. and Pedrotti, Leno S.},
       title = {Introduction to Optics},
       publisher = {Pearson Education Limited},
       address   = {Harlow Essex},
       year = 2014,
       edition = 3,
       isbn = {9781292022567} }

@manual{ labManual,
	title = {Polariserat Ljus 2017},
	organization = {Division of Atomic Physics at the Faculty of Engineering},
	year = 2017
}