@book{ pearsonIntroOpt,
       author = {Pedrotti, Frank L. and Pedrotti, Leno M. and Pedrotti, Leno S.},
       title = {Introduction to Optics},
       publisher = {Pearson Education Limited},
       address   = {Harlow Essex},
       year = 2014,
       edition = 3,
       isbn = {9781292022567} }

@article{ quantumOptics,
		author = {Adami, C. and Cerf, N. J.},
		title = {Quantum Computation with Linear Optics},
		year = 1999,
		urldate     = {2017-04-07},
  		eprinttype  = {arxiv},
  		eprint      = {quant-ph/9806048} }

@online{ femtoKamera,
		author = {MIT Media Lab},
		title = {Femto-Photography: Visualizing Light at Trillion FPS},
		year = 2011,
		url = {http://web.media.mit.edu/~raskar/trillionfps/},
		urldate = {2017-04-07} }

@online{ glassProperties,
		author = {Fluegel, Alexander},
		title = {Calculation of Refractive Index of Glassess},
		url = {http://www.glassproperties.com/refractive_index/},
		urldate = {2017-04-07} }


